<collection xmlns="http://www.loc.gov/MARC21/slim">
<record>
  <leader>01627nam0a22002891i 450 </leader>
  <controlfield tag="001">IT\ICCU\CNCE\041565</controlfield>
  <controlfield tag="005">20170223000000.0</controlfield>
  <datafield tag="012" ind1=" " ind2=" ">
    <subfield code="a">y-n- mon- Nees op&amp;i (3) 1581 (A)</subfield>
    <subfield code="2">fei</subfield>
  </datafield>
  <datafield tag="100" ind1=" " ind2=" ">
    <subfield code="a">19981127d1581        0itac0103    ba</subfield>
  </datafield>
  <datafield tag="101" ind1=" " ind2=" ">
    <subfield code="a">LAT</subfield>
  </datafield>
  <datafield tag="102" ind1=" " ind2=" ">
    <subfield code="a">IT</subfield>
  </datafield>
  <datafield tag="200" ind1="1" ind2=" ">
    <subfield code="a">Exercitatio linguae Latinae Io. Lodouici Viuis Valentini. Eiusdemque de conscribendis, siue componendis epistolis. Accesserunt praeterea annotationes in singula colloquia doctissimi viri Petri Mottae Complutensis. Cum indice Latino, Italico vocum difficiliorum</subfield>
  </datafield>
  <datafield tag="210" ind1=" " ind2=" ">
    <subfield code="a">Venetiis</subfield>
    <subfield code="c">apud Camillum Franceschinum</subfield>
    <subfield code="d">1581</subfield>
  </datafield>
  <datafield tag="215" ind1=" " ind2=" ">
    <subfield code="a">62 \i.e. 80!, 36, \4! c.</subfield>
    <subfield code="d">8ʻ</subfield>
  </datafield>
  <datafield tag="620" ind1=" " ind2=" ">
    <subfield code="a">IT</subfield>
    <subfield code="d">Venezia</subfield>
  </datafield>
  <datafield tag="700" ind1=" " ind2="1">
    <subfield code="a">Vives,</subfield>
    <subfield code="b">Juan Luis</subfield>
    <subfield code="3">IT\ICCU\CNCA\006590</subfield>
  </datafield>
  <datafield tag="702" ind1=" " ind2="1">
    <subfield code="a">Mota,</subfield>
    <subfield code="b">Pedro</subfield>
    <subfield code="3">IT\ICCU\CNCA\013470</subfield>
  </datafield>
  <datafield tag="712" ind1="0" ind2="0">
    <subfield code="a">Franceschini, Camillo</subfield>
    <subfield code="3">IT\ICCU\CNCT\000546</subfield>
    <subfield code="4">650</subfield>
  </datafield>
  <datafield tag="790" ind1=" " ind2="1">
    <subfield code="a">Vives,</subfield>
    <subfield code="b">Joannes Ludovicus</subfield>
    <subfield code="3">IT\ICCU\CNCA\010249</subfield>
    <subfield code="z">Vives, Juan Luis</subfield>
  </datafield>
  <datafield tag="790" ind1=" " ind2="1">
    <subfield code="a">Vivius,</subfield>
    <subfield code="b">Ioannes</subfield>
    <subfield code="3">IT\ICCU\CNCA\017909</subfield>
    <subfield code="z">Vives, Juan Luis</subfield>
  </datafield>
  <datafield tag="790" ind1=" " ind2="1">
    <subfield code="a">Motta,</subfield>
    <subfield code="b">Petrus</subfield>
    <subfield code="3">IT\ICCU\CNCA\017639</subfield>
    <subfield code="z">Mota, Pedro</subfield>
  </datafield>
  <datafield tag="791" ind1="0" ind2="0">
    <subfield code="a">Francischinus, Camillus</subfield>
    <subfield code="3">IT\ICCU\CNCT\003811</subfield>
    <subfield code="z">Franceschini, Camillo</subfield>
  </datafield>
  <datafield tag="801" ind1=" " ind2="3">
    <subfield code="a">IT</subfield>
    <subfield code="b">ICCU</subfield>
    <subfield code="c">20201114</subfield>
  </datafield>
  <datafield tag="899" ind1=" " ind2=" ">
    <subfield code="a">Biblioteca dell&apos;Abbazia di Novacella. Varna</subfield>
    <subfield code="1">BZ0109</subfield>
    <subfield code="2">ZBZ 04</subfield>
  </datafield>
  <datafield tag="899" ind1=" " ind2=" ">
    <subfield code="a">Biblioteca del Seminario Vescovile della Facolt ̉Teologica del Triveneto dell&apos;Istituto Filosofico Aloisianum. Padova</subfield>
    <subfield code="1">PD0073</subfield>
    <subfield code="2">PUV 01</subfield>
  </datafield>
  <datafield tag="911" ind1=" " ind2=" ">
    <subfield code="a">sul front.</subfield>
    <subfield code="9">IT\ICCU\CNCM\001408</subfield>
  </datafield>
  <datafield tag="921" ind1=" " ind2=" ">
    <subfield code="a">IT\ICCU\CNCM\001408</subfield>
    <subfield code="b">Pellicano si squarcia il petto per nutrire i piccoli. In cornice figurata</subfield>
    <subfield code="e">Offendo me per voi solo nutrire</subfield>
    <subfield code="c">U351</subfield>
    <subfield code="d">Dimensioni: 5,3 x 6</subfield>
    <subfield code="f">PELLICANO</subfield>
    <subfield code="f">OFFENDOMEP</subfield>
    <subfield code="g">1575-1582</subfield>
  </datafield>
</record>
</collection>
